@inproceedings{ma2019world,
  title={World of code: an infrastructure for mining the universe of open source VCS data},
  author={Ma, Yuxing and Bogart, Chris and Amreen, Sadika and Zaretzki, Russell and Mockus, Audris},
  booktitle={2019 IEEE/ACM 16th International Conference on Mining Software Repositories (MSR)},
  pages={143--154},
  year={2019},
  organization={IEEE}
}

@inproceedings{cito2014identifying,
  title={Identifying root causes of web performance degradation using changepoint analysis},
  author={Cito, J{\"u}rgen and Suljoti, Dritan and Leitner, Philipp and Dustdar, Schahram},
  booktitle={International Conference on Web Engineering},
  pages={181--199},
  year={2014},
  organization={Springer}
}

@inproceedings{muhlbauer2020identifying,
  title={Identifying Software Performance Changes Across Variants and Versions},
  author={M{\"u}hlbauer, Stefan and Apel, Sven and Siegmund, Norbert},
  booktitle={2020 35th IEEE/ACM International Conference on Automated Software Engineering (ASE)},
  pages={611--622},
  year={2020},
  organization={IEEE}
}

@inproceedings{lehman1996laws,
  title={Laws of software evolution revisited},
  author={Lehman, Manny M},
  booktitle={European Workshop on Software Process Technology},
  pages={108--124},
  year={1996},
  organization={Springer}
}

@inproceedings{openssl2020,
  title={The Impact of a Major Security Event on an Open Source Project: The Case of {OpenSSL}},
  author={Walden, James},
  booktitle={2020 IEEE/ACM 16th International Conference on Mining Software Repositories (MSR)},
  year={2020},
  organization={IEEE}
}

@article{gonzalez2014studying,
    title={Studying the laws of software evolution in a long-lived FLOSS project},
    author={Gonzalez-Barahona, Jesus M and Robles, Gregorio and Herraiz, Israel and Ortega, Felipe},
    journal={Journal of Software: Evolution and Process},
    volume={26},
    number={7},
    pages={589--612},
    year={2014},
    publisher={Wiley Online Library}
}

@inproceedings{capiluppi2007adapting,
  title={Adapting the "staged model for software evolution" to free/libre/open source software},
  author={Capiluppi, Andrea and Gonz{\'a}lez-Barahona, Jes{\'u}s M and Herraiz, Israel and Robles, Gregorio},
  booktitle={Ninth international workshop on Principles of software evolution: in conjunction with the 6th ESEC/FSE joint meeting},
  pages={79--82},
  year={2007}
}

@article{rajlich2000staged,
  title={A staged model for the software life cycle},
  author={Rajlich, V{\'a}clav T and Bennett, Keith H},
  journal={Computer},
  volume={33},
  number={7},
  pages={66--71},
  year={2000},
  publisher={IEEE}
}

@article{killick2014changepoint,
  title={changepoint: An R package for changepoint analysis},
  author={Killick, Rebecca and Eckley, Idris},
  journal={Journal of statistical software},
  volume={58},
  number={3},
  pages={1--19},
  year={2014}
}

@article{van2020evaluation,
  title={An Evaluation of Change Point Detection Algorithms},
  author={van den Burg, Gerrit JJ and Williams, Christopher KI},
  journal={arXiv preprint arXiv:2003.06222},
  year={2020}
}
